@book{doxsey2012introduction,
  title={An Introduction to Programming in Go: },
  author={Doxsey, C.},
  isbn={9781478355823},
  url={http://books.google.es/books?id=alSeAgAAQBAJ},
  year={2012},
  publisher={CreateSpace Independent Publishing Platform}
}